@article{Pomorski2018,
address = {Dublin},
author = {Pomorski, Krysztof and Giounanlis, Panagiotis and Blokhina, Elena and Staszewski, Robert},
journal = {University College Dublin},
title = {{From Quantum Hardware to Quantum AI}},
url = {https://shanghai-lectures.github.io/slides/ShanghaiAI{\_}15-11-2018{\_}qAIKrzysztofPomorskiPDF.pdf},
year = {2018}
}

@book{Coecke2017,
	abstract = {Guide to reading this textbook -- Processes as diagrams -- String diagrams -- Hilbert space from diagrams -- Quantum processes -- Quantum measurement -- Picturing classical-quantum processes -- Picturing phases and complementarity -- Quantum theory: the full picture -- Quantum foundations -- Quantum computation -- Quantum resources -- Quantomatic.},
	address = {Cambridge},
	author = {Coecke, Bob and Kissinger, Aleks},
	booktitle = {Picturing Quantum Processes},
	doi = {10.1017/9781316219317},
	isbn = {9781316219317},
	mendeley-groups = {BTR- QKR,BTR-QKR{\_}InPaper,BTR-Report},
	publisher = {Cambridge University Press},
	title = {{Picturing Quantum Processes}},
	url = {http://ebooks.cambridge.org/ref/id/CBO9781316219317},
	year = {2017}
}


@article{Mishra2019,
	author = {Mishra, Nimish},
	journal = {Towards Data Science},
	title = {{Understanding the Basics of Quantum Computation}},
	year = {2019}
}

@article{Cunche2011,
	author = {Cunche, Mathieu},
	journal = {Interstices},
	title = {{{\`{A}} l'attaque des codes secrets}},
	url = {https://interstices.info/a-lattaque-des-codes-secrets/?redirect=https{\%}3A{\%}2F{\%}2Finterstices.info{\%}2Fcodes-secrets{\&}jsp=admin{\%}2Fmail{\%}2FmailPublication.jsp{\&}id=i{\_}53837{\&}portal=j{\_}97{\&}printView=true},
	year = {2011}
}

@article{Vos,
	author = {Vos, Kimberley and Wilschut, H. and Timmermans, R.},
	year = {2013},
	month = {08},
	pages = {},
	title = {Limits on Lorentz violation in neutral-Kaon decay},
	doi = {10.1142/9789814566438_0049}
}

@article{Glaser,
	author = {Glaser, Randi},
	journal = {Blendspace},
	title = {{Food Web Examples}}
}

